<record><leader>00000cas a22000007a 4500</leader><controlfield tag="001">12251249</controlfield><controlfield tag="008">850710d19261980mauwr ne      0    0eng d</controlfield><datafield ind1=" " ind2=" " tag="010"><subfield code="a">sn 89070116 </subfield></datafield><datafield ind1=" " ind2=" " tag="040"><subfield code="a">ULW</subfield><subfield code="b">eng</subfield><subfield code="c">ULW</subfield><subfield code="d">YOX</subfield><subfield code="d">MGN</subfield><subfield code="d">YOX</subfield><subfield code="d">MGN</subfield><subfield code="d">CNK</subfield><subfield code="d">OCLCQ</subfield><subfield code="d">J9U</subfield><subfield code="d">OCLCQ</subfield><subfield code="d">OCLCF</subfield><subfield code="d">OCLCO</subfield></datafield><datafield ind1="7" ind2=" " tag="016"><subfield code="a">002061731</subfield><subfield code="2">IsJJNL</subfield></datafield><datafield ind1=" " ind2=" " tag="019"><subfield code="a">234081040</subfield></datafield><datafield ind1="1" ind2=" " tag="029"><subfield code="a">AU@</subfield><subfield code="b">000020552113</subfield></datafield><datafield ind1=" " ind2=" " tag="042"><subfield code="a">msc</subfield></datafield><datafield ind1=" " ind2=" " tag="043"><subfield code="a">n-us-ma</subfield></datafield><datafield ind1="0" ind2="0" tag="245"><subfield code="a">Jewish civic leader.</subfield></datafield><datafield ind1="3" ind2="0" tag="246"><subfield code="a">Jewish leader</subfield></datafield><datafield ind1=" " ind2=" " tag="260"><subfield code="a">Worcester, Mass. :</subfield><subfield code="b">Worcester Leader Pub. Co.,</subfield><subfield code="c">1926-1980.</subfield></datafield><datafield ind1=" " ind2=" " tag="300"><subfield code="a">56 v. :</subfield><subfield code="b">ill. ;</subfield><subfield code="c">43 cm.</subfield></datafield><datafield ind1=" " ind2=" " tag="310"><subfield code="a">Weekly,</subfield><subfield code="b">1927-1980</subfield></datafield><datafield ind1=" " ind2=" " tag="321"><subfield code="a">Semimonthly,</subfield><subfield code="b">1926-1927</subfield></datafield><datafield ind1="1" ind2=" " tag="362"><subfield code="a">Began in 1926.</subfield></datafield><datafield ind1="0" ind2=" " tag="362"><subfield code="a">-v. 56, no. 17 (May 15, 1980).</subfield></datafield><datafield ind1=" " ind2=" " tag="500"><subfield code="a">"Civic" appears within masthead ornament, &lt;Jan. 7, 1960-Dec. 12, 1967&gt;.</subfield></datafield><datafield ind1=" " ind2=" " tag="500"><subfield code="a">"Serving the Jewish homes of Central Massachusetts."</subfield></datafield><datafield ind1=" " ind2=" " tag="515"><subfield code="a">Numbering is irregular.</subfield></datafield><datafield ind1=" " ind2=" " tag="588"><subfield code="a">Description based on: Vol. 7, no. 1 (Jan. 8, 1932).</subfield></datafield><datafield ind1=" " ind2="0" tag="650"><subfield code="a">Jewish newspapers</subfield><subfield code="z">Massachusetts.</subfield></datafield><datafield ind1=" " ind2="4" tag="651"><subfield code="a">Worcester (Mass.)</subfield><subfield code="v">Newspapers.</subfield></datafield><datafield ind1=" " ind2="7" tag="650"><subfield code="a">Jewish newspapers.</subfield><subfield code="2">fast</subfield><subfield code="0">(OCoLC)fst00982872</subfield></datafield><datafield ind1=" " ind2="7" tag="651"><subfield code="a">Massachusetts.</subfield><subfield code="2">fast</subfield><subfield code="0">(OCoLC)fst01204307</subfield></datafield><datafield ind1=" " ind2=" " tag="752"><subfield code="a">United States</subfield><subfield code="b">Massachusetts</subfield><subfield code="c">Worcester</subfield><subfield code="d">Worcester.</subfield></datafield><datafield ind1="0" ind2="7" tag="785"><subfield code="t">Jewish chronicle (Worcester, Mass. : 1976)</subfield><subfield code="w">(DLC)sn 79002617</subfield></datafield><datafield ind1="0" ind2="7" tag="785"><subfield code="t">Jewish chronicle-leader</subfield><subfield code="w">(DLC)sn 84009419</subfield></datafield></record>